@article{ref:AK2012,
   author = {Andreas Kl{\"o}ckner and Nicolas Pinto and Yunsup Lee and Brian Catanzaro and Paul Ivanov and Ahmed Fasih},
   journal = {Parallel Computing},
   month = {3},
   pages = {155-174},
   title = {PyCUDA: GPU Run-Time Code Generation for High-Performacne Computing},
   volume = {38},
   issue = {3},
   year = {2012},
}
@article{ref:AK2009,
  title = {Nodal Discontinuous Galerkin Methods on Graphics Processors},
  author = {Andreas Kl{\"o}ckner and Tim Warburton and Jan Hesthaven},
  journal = {Journal of Computational Physics},
  volume = {228},
  issue = {21},
  month = {11},
  pages = {7863-7882},
  year = {2009}
}
@article{ref:Kolev2021,
  title = {Efficient exasxcale discretizations: High-order finite element methods},
  author = {T. Kolev and P. Fischer and M. Min and et al},
  journal = {The International Journal of High Performance Computing Applications},
  volume = {35},
  issue = {6},
  doi = {10.1177/10943420211020803},  pages = {527-552},
  year = {2021}
}
% AK, Nicolas Pinto, Yunsup Lee, Bryan Catanzaro, Paul Ivanov, Ahmed Fasih. PyCUDA: GPU Run-Time Code Generation for High-Performance Computing. (Parallel Computing, Volume 38, Issue 3, March 2012, Pages 157â€“174, arxiv, Brown SC Report)
% AK, Tim Warburton, Jeff Bridge, Jan S Hesthaven, Nodal Discontinuous Galerkin Methods on Graphics Processors. Journal of Computational Physics, Volume 228, Issue 21, 20 November 2009, Pages 7863-7882. (arXiv, Brown SC Report, JCP)
% 1.Kolev T, Fischer P, Min M, et al. Efficient exascale discretizations: High-order finite element methods. The International Journal of High Performance Computing Applications. 2021;35(6):527-552. doi:10.1177/10943420211020803
